@MANUAL {DMMiniStrong,
    title = "Pro Mini",
    organization = "Diy More",
    url = "https://www.diymore.cc/products/diymore-pro-mini-3-3v-8mhz-board-atmega328-microcontroller-module-for-arduino-mini-atmega328p-with-i-o-pins",
    note = "[cit. 2019-03-12]",
    key = "DMMiniStrong"
}


@MANUAL {youBionPic,
    title = "Technical Drawing",
    organization = "You Bionic",
    url = "https://github.com/Youbionic-com/Youbionic",
    note = "[cit. 2019-02-19]",
    key = "youBionPic"
}


@MANUAL{svgspec,
    title = "Scalable Vector Graphics (SVG) 1.1 Specification {[online]}",
    author = "Clare Scott",
    url = "http://www.w3.org/TR/2003/REC-SVG11-20030114/",
    note = "[cit. 2019-04-10]",
    key = "svg"
}

@MANUAL{ardMicr,
    title = "Arduino Micro {[online]}",
    organization ="arduino.cc", 
    url = "https://store.arduino.cc/arduino-micro",
    note = "[cit. 2019-04-10]",
    key = "ardMicr"
}

@MANUAL{youBionHand,
    title = "The 3D Printed Youbionic Hand Features New Updates with More to Come Soon {[online]}",
    author = "Clare Scott",
    url = "https://3dprint.com/213337/3d-printed-youbionic-hand-update/",
    note = "[cit. 2019-03-20]"
}

@MANUAL{servo,
    title = "Miniature Linear Motion Series PQ12",
    organization ="Actuonix Motion Devices Inc.", 
    url = "https://s3.amazonaws.com/actuonix/Actuonix+PQ12+Datasheet.pdf",
    note = "[cit. 2019-04-10]",
    key = "servo"
}

@MANUAL{drvBr,
    title = "RV8835 Dual Low-Voltage H-Bridge IC",
    organization ="Texas Instruments", 
    url = "https://www.pololu.com/file/0J570/drv8835.pdf",
    note = "[cit. 2019-04-06]"
}

@MANUAL{MusSensDoc,
    title = "Electromyography Sensor for Microcontroller Applications",
    organization ="Advancer Technologies", 
    url = "https://cdn.sparkfun.com/assets/a/3/a/f/a/AT-04-001.pdf",
    note = "[cit. 2019-02-14]",
    key = "MusSensDoc"
}

@ARTICLE {PotenPosit,
    title  = "Position Sensors",
    journal = "Electronics Tutorials {[online]}",
    howpublished = "[online]",
    url    = "https://www.electronics-tutorials.ws/io/io_2.html",
    note = "[cit. 2020-03-01]"
}

@MANUAL{spiAtm,
    title = "AVR151: Setup and Use of the SPI",
    organization ="Atmel Corporation", 
    url = "https://ww1.microchip.com/downloads/en/AppNotes/Atmel-2585-Setup-and-Use-of-the-SPI_ApplicationNote_AVR151.pdf",
    note = "[cit. 2020-02-07]"
}

@MANUAL{termLib,
    title = "termios.h",
    organization ="The Open Group", 
    url = "https://pubs.opengroup.org/onlinepubs/7908799/xsh/termios.h.html",
    note = "[cit. 2019-11-20]"
}

@ARTICLE {flexSens,
    title  = "Flex Sensor introduction, pinouts and working",
    journal = "Microcontrollerslab.com {[online]}",
    howpublished = "[online]",
    url    = "https://microcontrollerslab.com/flex-sensor-introduction-working/",
    note = "[cit. 2019-09-07]"
}

@MANUAL{gladePr,
    title = "Glade - A User Interface Designer",
    organization ="The Glade project", 
    url = "https://glade.gnome.org/",
    note = "[cit. 2020-04-14]"
}

@BOOK{PhysJoin,
	title = "The Physiology of the Joints, Volume 1: Upper Limb",
	author = "I. A. Kapandji",
	publisher = "Eksmo",
	edition = "6",
	isbn = "978-5-699-33140-6 ",
	year = "2018"
}

@BOOK{contrSyst,
	title = "Feedback and control systems",
	author = "Joseph J. Distefano, Allen R. Stubberud, Wan J. Williams",
	publisher = "McGraw-Hill",
	edition = "2",
	isbn = "978-0078427091",
	year = "1994"
}

@MANUAL{ardComunication,
    title = "Three ways of interarduino serial communication",
    author ="Floris Wouterlood", 
    url = "http://www.zonnepanelen.wouterlood.com/arduino-bare-basics/arduino-passing-temperature-readings-to-a-neighbor-arduino-three-ways-of-serial-communication/",
    note = "[cit. 2019-04-02]",
    key = "ardComunication"
}

@MANUAL{ardSPI,
    title = "SPI library",
    organization ="arduino.cc", 
    url = "https://www.arduino.cc/en/reference/SPI",
    note = "[cit. 2019-04-11]",
    key = "ardSPI"
}


@inbook{antRobHand,
author = {Rodić, Aleksandar and Miloradovic, Branko and Popić, Svemir and Spasojević, Sofija and Karan, Branko},
year = {2014},
month = {09},
pages = {205-219},
title = {Development of Modular Compliant Anthropomorphic Robot Hand},
volume = {16},
isbn = {9783319015910},
journal = {Mechanisms and Machine Science},
doi = {10.1007/978-3-319-01592-7_15}
}


@Inbook{Schlesinger1919,
author="Schlesinger, G.",
editor="Borchardt, M.
and Hartmann, Konrad
and Leymann
and Radike, Richard
and Schlesinger
and Schwiening",
title="Der mechanische Aufbau der k{\"u}nstlichen Glieder",
bookTitle="Ersatzglieder und Arbeitshilfen: F{\"u}r Kriegsbesch{\"a}digte und Unfallverletzte",
year="1919",
publisher="Springer Berlin Heidelberg",
address="Berlin, Heidelberg",
pages="321--661",
abstract="Der Ausspruch Kants: „Die Hand macht den Menschen, das vern{\"u}nftige Tier, geschickt f{\"u}r die Handhabung aller Dinge; sie ist sein {\"a}u{\ss}eres Gehirn!`` enth{\"a}lt kurz und knapp die beiden wichtigen Kennzeichen: Handhabung = Mechanik, Gehirn = Geist, deren Vereinigung f{\"u}r den Konstrukteur der Kunsthand wohl f{\"u}r alle Zeiten ein unerreichbares Ideal vorstellt.",
isbn="978-3-662-33009-8",
doi="10.1007/978-3-662-33009-8_13",
url="https://doi.org/10.1007/978-3-662-33009-8_13"
}

@MANUAL{ardServoMan,
    title = "Servomotor",
    author ="S Martin", 
    url = "https://navody.arduino-shop.cz/arduino-projekty/servo-motor.html",
    note = "[cit. 2019-02-17]",
    key = "ardServoMan"
}

@INBOOK{kobltypo,
	title = "Praktick{\' a} typografie",
	author = "Pavel Ko{\v c}i{\v c}ka and Filip Bla{\v z}ek",
	publisher = "Brno: Computer Press",
	year = "2004"
}

@BOOK{rybicka,
	title = "LaTeX pro za\v c\'ate\v cn\'\i{}ky",
	author = "Ji{\v r}{\' i} Rybi{\v c}ka",
	isbn = "80-7302-049-1",
	publisher = "Brno: Konvoj",
	edition = "3"
}

@MANUAL{iso690,
	organization = "\'U\v rad pro technickou normalizaci, metrologii a st\'atn\'\i{} zku\v sebnictv\'\i{}",
	title = "\v CSN ISO 690 Informace a dokumentace -- Pravidla pro bibliografick\'e odkazy a citace informa\v cn\'\i{}ch zdroj{\r u}",
	year = "2011"
}


@ARTICLE {sitova-karta-s-fpga-xilinx,
    title  = "Síťová karta s FPGA Xilinx pro 1 a 10GbE",
    journal = "V: Pandatron - elektrotechnický magazín {[online]}",
    howpublished = "[online]",
    month  = "červen",
    year   = "2013",
    note = "[cit. 2015-10-31]",
    url    = "http://pandatron.cz/?2939&sitova_karta_s_fpga_xilinx_pro_1_a_10gbe"
}
